@MISC{1,
  title = {Glosario},
  howpublished = {http://contraloria.utalca.cl/html/documentos.php?cat=29},
}

@MISC{2,
  title = {Vicerrectoria de Desarrollo Estudiantil},
  howpublished = {http://vde.utalca.cl/html/organizaciones.html},
}

@MISC{3,
  title = {WordReference},
  howpublished = {https://forum.wordreference.com/threads/resoluci%C3%B3n-exenta.1164374/?hl=es},
}

@MISC{4,
  title = {Rae},
  howpublished = {http://dle.rae.es/srv/search?w=visada},
}

@ARTICLE{5,
  author = {Universidad de Talca},
  title = {{RU N \grad 2083}},
  journal = {},
  year = {2017},
  volume = {},
  pages = {1--8},
  number = {},
}

@MISC{6,
  title = {Controlar√≠a Universidad de Talca},
  howpublished = {http://contraloria.utalca.cl/html/documentos.php?cat=26},
}

@BOOK{7,
  title = {Ingenieria del software. Un enfoque practico},
  publisher = {Mc Graw Hill},
  year = {2007},
  author = {Ph.D. Roger S. Pressman},
  keywords = {},
}

@MISC{8,
  title = {Albert Einstein and Empirical Software Engineering},
  howpublished = {https://pdfs.semanticscholar.org/589a/8858795db3919bb1ca05ab44640ce038b76e.pdf},
}


