/*Ejemplos de bibliografía*/

@ARTICLE{lamport79,
   AUTHOR = "Leslie Lamport",
   TITLE = "How to make a multiprocessor computer that correctly executes multiprocess programs",
   JOURNAL = "IEEE Transactions on Computers",
   YEAR = "1979",
   volume = "C-28",
   number = "9",
   month = sep,
   pages = "690--691"
}

@ARTICLE{lamport78,
   AUTHOR = "Leslie Lamport",
   TITLE = "Time, clocks, and the ordering of events in a distributed system",
   JOURNAL = "Communications of the ACM",
   YEAR = "1978",
   volume = "21",
   number = "7",
   month = jul,
   pages = "558--565"
}

@INPROCEEDINGS{keleher92,
   AUTHOR = "Peter Keleher and Alan L. Cox and Willy Zwaenepoel",
   TITLE = "{Lazy Release Consistency for Software Distributed Shared Memory}",
   BOOKTITLE = "19th Annual International Simposium on Computer Architecture, ACM",
   month = may,
   YEAR = "1992",
   pages = "13--21"
}

/*Bibliografía del documento*/

@MISC{1,
  title = {Glosario},
  howpublished = {http://contraloria.utalca.cl/html/documentos.php?cat=29},
  note = {9 de Octubre de 2018},
}

@MISC{2,
  title = {Vicerrectoria de Desarrollo Estudiantil},
  howpublished = {http://vde.utalca.cl/html/organizaciones.html},
  note = {9 de Octubre de 2018},
}

@MISC{3,
  title = {WordReference},
  howpublished = {https://forum.wordreference.com/threads/resoluci\%C3\%B3n-exenta.1164374/?hl=es},
  note = {14 de Octubre de 2018},
}

@MISC{4,
  title = {Rae},
  howpublished = {http://dle.rae.es/srv/search?w=visada},
  note = {14 de Octubre de 2018},
}

@ARTICLE{5,
  author = {Universidad de Talca},
  title = {{RU N \grad 2083}},
  journal = {},
  year = {2017},
  volume = {},
  pages = {1--8},
  number = {},
  note = {9 de Octubre de 2018}
}

@MISC{6,
  title = {Controlaría Universidad de Talca},
  howpublished = {http://contraloria.utalca.cl/html/documentos.php?cat=26},
  note = {9 de Octubre de 2018},
}

@BOOK{7,
  title = {Ingenieria del software. Un enfoque practico},
  publisher = {Mc Graw Hill},
  year = {2010},
  author = {Roger S. Pressman},
  keywords = {},
  note = {11 de Octubre de 2018},
}

@MISC{8,
  title = {Albert Einstein and Empirical Software Engineering},
  howpublished = {https://pdfs.semanticscholar.org/589a/8858795db3919bb1ca05ab44640ce038b76e.pdf},
  note = {14 de Octubre de 2018},
}


@MISC{9,
  title = {Instrucciones generales para la rendición de cuentas de los fondos asignados a través del beneficio complementario de beca doctorado nacional y para extranjeros sin residencia definitiva en chile: Asignación anual para gastos operacionales del proyecto de tesis doctoral etapas 2017},
  howpublished = {http://www.conicyt.cl/becasconicyt/files/2017/02/manual\_rendicionGOp\_2017.pdf},
  note = {25 de Noviembre de 2018},
}

@MISC{10,
  title = {Wish},
  howpublished = {https://www.wish.com/},
  note = {25 de Noviembre de 2018},
}

@MISC{11,
  title = {Correos Chile},
  howpublished = {https://www.correos.cl/SitePages/home.aspx},
  note = {25 de Noviembre de 2018},
}

@MISC{12,
  title = {AliExpress},
  howpublished = {https://cl.aliexpress.com/},
  note = {25 de Noviembre de 2018},
}

@MISC{13,
  title = {Amazon},
  howpublished = {https://www.amazon.es/},
  note = {25 de Noviembre de 2018},
}

@MISC{14,
  title = {Rae},
  howpublished = {http://dle.rae.es/?w=engorroso},
  note = {2 de Enero de 2019},
}

@MISC{15,
  title = {Rae},
  howpublished = {http://dle.rae.es/?id=6JjuZI8},
  note = {2 de Enero de 2019},
}

@MISC{16,
  title = {Rae},
  howpublished = {http://dle.rae.es/?id=6Jix9ml},
  note = {2 de Enero de 2019},
}

@ARTICLE{17,
  author = {López Gil, Alba},
  title = {{Estudio comparativo de metodologías tradicionales y ágiles para proyectos de Desarrollo de Software}},
  journal = {},
  year = {2018},
  volume = {},
  pages = {95},
  number = {},
  note = {14 de Abril de 2019}
}

@MISC{18,
  title = {Instructivo Organizaciones Estudiantiles Utalca},
  howpublished = {http://vde.utalca.cl/docs/Instructivo\_Organizaciones\_Estudiantiles\_Utalca.pdf},
  note = {30 de abril de 2019},
}

@MISC{19,
  title = {kanbanize},
  howpublished = {https://kanbanize.com/es/recursos-de-kanban/primeros-pasos/que-es-tablero-kanban/},
  note = {15 de mayo de 2019},
}

@MISC{20,
  title = {draw.io},
  howpublished = {https://www.draw.io/},
  note = {15 de mayo de 2019},
}
